@article{wong_harris_moonesinghe_2018, 
    title={Cancelled operations: a 7-day cohort study of planned adult inpatient surgery in 245 UK National Health Service hospitals}, 
    volume={121}, 
    url={https://bjanaesthesia.org/article/S0007-0912(18)30565-8/pdf}, DOI={https://doi.org/10.1016/j.bja.2018.07.002}, 
    number={4}, 
    journal={British Journal of Anaesthesia}, 
    author={Wong, D.J.N. and Harris, S.K. and Moonesinghe, S.R.}, 
    year={2018}, month={Oct}, pages={730–738} 
}

@article{gillies_wijeysundera_harrison_2018, 
    title={Counting the cost of cancelled surgery: a system wide approach is needed}, 
    volume={121}, 
    url={https://www.ncbi.nlm.nih.gov/pmc/articles/PMC7118877/}, 
    DOI={https://doi.org/10.1016/j.bja.2018.08.002}, 
    number={4}, 
    journal={BJA: British Journal of Anaesthesia}, 
    author={Gillies, M.A. and Wijeysundera, D.N. and Harrison, E.M.}, 
    year={2018}, month={Oct}, pages={691–694} 
}

@article{sarang_bhandoria_patil_gadgil_bains_khajanchi_kizhakkeveetil_dutta_shah_bhandarkar_etal._2021, 
    title={Assessing the Rates and Reasons of Elective Surgical Cancellations on the Day of Surgery: A Multicentre Study from Urban Indian Hospitals}, 
    volume={46}, 
    DOI={https://doi.org/10.1007/s00268-021-06364-1}, 
    number={2}, journal={World Journal of Surgery}, 
    author={Sarang, Bhakti and Bhandoria, Geetu and Patil, Priti and Gadgil, Anita and Bains, Lovenish and Khajanchi, Monty and Kizhakke Veetil, Deepa and Dutta, Rohini and Shah, Priyansh and Bhandarkar, Prashant and Kaman, Lileswar and Ghosh, Dhruva and Mandrelle, Kavita and Kumar, Ashwani and Bahadur, Akshay and Krishna, Sunil and Gautam, Kamal Kishore and Dev, Ya and Aggarwal, Manisha and Thivalapill, Neil}, 
    year={2021}, month={Nov}, pages={382–390} 
}

@article{mesmar_shatnawi_faori_khader_2011,
    title={Reasons for cancellation of elective operations at a major teaching referral hospital in Jordan}, 
    volume={17}, 
    DOI={https://doi.org/10.26719/2011.17.8.651}, number={08}, 
    journal={Eastern Mediterranean Health Journal}, 
    author={Mesmar, M. and Shatnawi, N.J. and Faori, I. and Khader, Y.A.}, 
    year={2011}, month={Aug}, pages={651–655} 
}

@misc{public_health_scotland, 
    title={Cancelled Planned Operations - Scottish Health and Social Care Open Data}, 
    url={https://www.opendata.nhs.scot/dataset/cancelled-planned-operations}, 
    journal={www.opendata.nhs.scot}, author={Public Health Scotland} 
}

@misc{the_national_archives_2019, 
    title={Open Government Licence}, 
    url={https://www.nationalarchives.gov.uk/doc/open-government-licence/version/3/}, 
    journal={Nationalarchives.gov.uk}, author={The National Archives}, year={2019} 
}

@misc{hospital_scotland, 
    title={Hospital Codes - Current NHS Hospitals in Scotland - Scottish Health and Social Care Open Data}, 
    url={https://www.opendata.nhs.scot/dataset/hospital-codes/resource/c698f450-eeed-41a0-88f7-c1e40a568acc}, 
    journal={www.opendata.nhs.scot}, author={Public Health Scotland} 
}

@misc{williams_bbc_scotland_2023, 
    title={Covid in Scotland: What happened in lockdown and beyond?}, 
    url={https://www.bbc.co.uk/news/uk-scotland-67261028#}, 
    journal={BBC News}, author={Williams, Craig and BBC Scotland}, year={2023}, month={Oct} 
}